@article{do_developers,
    author = {Kula, Raula Gaikovina and German, Daniel M. and Ouni, Ali and Ishio, Takashi and Inoue, Katsuro},
    title = {Do Developers Update Their Library Dependencies?},
    year = {2018},
    journal = {Empirical Softw. Engg.}
}
